@article{fernandez2018smote,
  title={SMOTE for learning from imbalanced data: progress and challenges, marking the 15-year anniversary},
  author={Fern{\'a}ndez, Alberto and Garcia, Salvador and Herrera, Francisco and Chawla, Nitesh V},
  journal={Journal of artificial intelligence research},
  volume={61},
  pages={863--905},
  year={2018}
},

@article{niedoba2014multi,
  title={Multi-parameter data visualization by means of principal component analysis (PCA) in qualitative evaluation of various coal types},
  author={Niedoba, Tomasz},
  journal={physicochemical problems of Mineral processing},
  volume={50},
  number={2},
  pages={575--589},
  year={2014},
  publisher={Politechnika Wroc{\l}awska. Oficyna Wydawnicza Politechniki Wroc{\l}awskiej}
}

@misc{dataset,
    key = https://www.kaggle.com/datasets/gloseto/traffic-driving-style-road-surface-condition,
    note = "Traffic, Driving Style and Road Surface Condition",
    url= "https://www.kaggle.com/datasets/gloseto/traffic-driving-style-road-surface-condition"
}

@Article{app12105256,
AUTHOR = {Shin, Jungpil and Maniruzzaman, Md. and Uchida, Yuta and Hasan, Md. Al Mehedi and Megumi, Akiko and Suzuki, Akiko and Yasumura, Akira},
TITLE = {Important Features Selection and Classification of Adult and Child from Handwriting Using Machine Learning Methods},
JOURNAL = {Applied Sciences},
VOLUME = {12},
YEAR = {2022},
NUMBER = {10},
ARTICLE-NUMBER = {5256},
URL = {https://www.mdpi.com/2076-3417/12/10/5256},
ISSN = {2076-3417},
DOI = {10.3390/app12105256}
}