
@misc{website:smote,
  author = {Imbalanced-learn},
  title = {SMOTE},
  howpublished = {\url{https://imbalanced-learn.org/stable/references/generated/imblearn.over_sampling.SMOTE.html}},
  note = {Accessed: 15/03/2024}
}